@article{mann1988rhetorical,
  title={Rhetorical structure theory: Toward a functional theory of text organization},
  author={Mann, William C and Thompson, Sandra A},
  journal={Text-Interdisciplinary Journal for the Study of Discourse},
  volume={8},
  number={3},
  pages={243--281},
  year={1988},
  publisher={De Gruyter Mouton}
}

@inproceedings{carlson2003building,
  title={Building a discourse-tagged corpus in the framework of rhetorical structure theory},
  author={Carlson, Lynn and Marcu, Daniel and Okurowski, Mary Ellen},
  booktitle={Current and new directions in discourse and dialogue},
  pages={85--112},
  year={2003},
  publisher={Springer}
}

@article{taboada2006spontaneous,
  title={Spontaneous and non-spontaneous turn-taking},
  author={Taboada, Maite},
  journal={Pragmatics},
  volume={16},
  number={2-3},
  pages={329--360},
  year={2006},
  publisher={International Pragmatics Association}
}

@inproceedings{toldova2017rhetorical,
  title={Rhetorical relations markers in Russian RST Treebank},
  author={Toldova, Svetlana and Pisarevskaya, Dina and Ananyeva, Margarita and Kobozeva, Maria and Nasedkin, Alexander and Nikiforova, Sofia and Pavlova, Irina and Shelepov, Alexey},
  booktitle={Proceedings of the 6th Workshop on Recent Advances in RST and Related Formalisms},
  pages={29--33},
  year={2017}
}

@inproceedings{reich2015word,
  title={Word order variation and discourse function in German commentary texts},
  author={Reich, Ines and Stede, Manfred},
  booktitle={Proceedings of the Workshop on Discourse in Machine Translation},
  pages={34--42},
  year={2015}
}

@article{feng2012text,
  title={Text-level discourse parsing with rich linguistic features},
  author={Feng, Vanessa Wei and Hirst, Graeme},
  journal={Proceedings of the 50th Annual Meeting of the Association for Computational Linguistics},
  pages={60--68},
  year={2012}
}

@article{nivre2007maltparser,
  title={MaltParser: A language-independent system for data-driven dependency parsing},
  author={Nivre, Joakim and Hall, Johan and Nilsson, Jens and Chanev, Atanas and Eryigit, G{\"u}l{\c{s}}en and K{\"u}bler, Sandra and Marinov, Svetoslav and Marsi, Erwin},
  journal={Natural Language Engineering},
  volume={13},
  number={2},
  pages={95--135},
  year={2007},
  publisher={Cambridge University Press}
}

@inproceedings{mcdonald2005non,
  title={Non-projective dependency parsing using spanning tree algorithms},
  author={McDonald, Ryan and Pereira, Fernando and Ribarov, Kiril and Hajiƒç, Jan},
  booktitle={Proceedings of Human Language Technology Conference and Conference on Empirical Methods in Natural Language Processing},
  pages={523--530},
  year={2005}
}

@article{de2008stanford,
  title={The Stanford typed dependencies representation},
  author={De Marneffe, Marie-Catherine and Manning, Christopher D},
  journal={Coling 2008: proceedings of the workshop on cross-framework and cross-domain parser evaluation},
  pages={1--8},
  year={2008}
}

@article{buchholz2006conll,
  title={CoNLL-X shared task on multilingual dependency parsing},
  author={Buchholz, Sabine and Marsi, Erwin},
  journal={Proceedings of the tenth conference on computational natural language learning},
  pages={149--164},
  year={2006}
}

@inproceedings{honnibal2017spacy,
  title={spaCy 2: Natural language understanding with Bloom embeddings, convolutional neural networks and incremental parsing},
  author={Honnibal, Matthew and Montani, Ines},
  booktitle={Proceedings of the 25th international conference on computational linguistics},
  year={2017}
}

@article{scikit2011,
  title={Scikit-learn: Machine learning in Python},
  author={Pedregosa, Fabian and Varoquaux, Ga{\"e}l and Gramfort, Alexandre and Michel, Vincent and Thirion, Bertrand and Grisel, Olivier and Blondel, Mathieu and Prettenhofer, Peter and Weiss, Ron and Dubourg, Vincent and others},
  journal={Journal of Machine Learning Research},
  volume={12},
  pages={2825--2830},
  year={2011}
}

@article{lloyd1982least,
  title={Least squares quantization in PCM},
  author={Lloyd, Stuart},
  journal={IEEE transactions on information theory},
  volume={28},
  number={2},
  pages={129--137},
  year={1982},
  publisher={IEEE}
}

@article{macqueen1967some,
  title={Some methods for classification and analysis of multivariate observations},
  author={MacQueen, James and others},
  booktitle={Proceedings of the fifth Berkeley symposium on mathematical statistics and probability},
  volume={1},
  number={14},
  pages={281--297},
  year={1967},
  organization={Oakland, CA, USA}
}

@article{rousseeuw1987silhouettes,
  title={Silhouettes: a graphical aid to the interpretation and validation of cluster analysis},
  author={Rousseeuw, Peter J},
  journal={Journal of computational and applied mathematics},
  volume={20},
  pages={53--65},
  year={1987},
  publisher={Elsevier}
}

@article{tibshirani2001estimating,
  title={Estimating the number of clusters in a data set via the gap statistic},
  author={Tibshirani, Robert and Walther, Guenther and Hastie, Trevor},
  journal={Journal of the Royal Statistical Society: series B (statistical methodology)},
  volume={63},
  number={2},
  pages={411--423},
  year={2001},
  publisher={Wiley Online Library}
}

@book{manning1999foundations,
  title={Foundations of statistical natural language processing},
  author={Manning, Christopher D and Sch{\"u}tze, Hinrich},
  year={1999},
  publisher={MIT press}
}

@book{jurafsky2009speech,
  title={Speech and language processing: an introduction to natural language processing, computational linguistics, and speech recognition},
  author={Jurafsky, Daniel and Martin, James H},
  year={2009},
  publisher={Pearson Prentice Hall}
}

@article{harris1954distributional,
  title={Distributional structure},
  author={Harris, Zellig S},
  journal={Word},
  volume={10},
  number={2-3},
  pages={146--162},
  year={1954},
  publisher={Taylor \& Francis}
}

@book{chomsky1957syntactic,
  title={Syntactic structures},
  author={Chomsky, Noam},
  year={1957},
  publisher={Mouton}
}

@article{tesniere1959elements,
  title={{{\'E}}l{\'e}ments de syntaxe structurale},
  author={Tesni{\`e}re, Lucien},
  year={1959},
  publisher={Klincksieck}
}

@book{hudson1984word,
  title={Word grammar},
  author={Hudson, Richard A},
  year={1984},
  publisher={Basil Blackwell}
}

@book{mel1988dependency,
  title={Dependency syntax: theory and practice},
  author={Mel'{\v{c}}uk, Igor A},
  year={1988},
  publisher={SUNY press}
}

@article{grosz1986attention,
  title={Attention, intentions, and the structure of discourse},
  author={Grosz, Barbara J and Sidner, Candace L},
  journal={Computational linguistics},
  volume={12},
  number={3},
  pages={175--204},
  year={1986},
  publisher={MIT Press}
}

@book{halliday1976cohesion,
  title={Cohesion in English},
  author={Halliday, Michael AK and Hasan, Ruqaiya},
  year={1976},
  publisher={Longman}
}

@article{kehler2002coherence,
  title={Coherence, reference, and the theory of grammar},
  author={Kehler, Andrew},
  year={2002},
  publisher={CSLI publications}
}

@inproceedings{asher2003logics,
  title={Logics of conversation},
  author={Asher, Nicholas and Lascarides, Alex},
  year={2003},
  publisher={Cambridge University Press}
}

@article{webber2012discourse,
  title={Discourse structure and language technology},
  author={Webber, Bonnie and Egg, Markus and Kordoni, Valia},
  journal={Natural Language Engineering},
  volume={18},
  number={4},
  pages={437--490},
  year={2012},
  publisher={Cambridge University Press}
}

@inproceedings{shahmohammadi2024german,
  title={German RST corpora: A comprehensive analysis},
  author={Shahmohammadi, Siavash and Stede, Manfred},
  booktitle={Proceedings of the 15th International Conference on Language Resources and Evaluation},
  year={2024}
}

@inproceedings{stede2004potsdam,
  title={The Potsdam Commentary Corpus},
  author={Stede, Manfred},
  booktitle={Proceedings of the 2004 ACL Workshop on Discourse Annotation},
  pages={96--102},
  year={2004}
}

@article{pisarevskaya2017towards,
  title={Towards building a discourse-annotated corpus of Russian},
  author={Pisarevskaya, Dina and Ananyeva, Margarita and Kobozeva, Maria and Nasedkin, Alexander and Nikiforova, Sofia and Pavlova, Irina and Shelepov, Alexey},
  journal={Computational Linguistics and Intellectual Technologies},
  volume={16},
  pages={194--204},
  year={2017}
}

@book{zipf1949human,
  title={Human behavior and the principle of least effort},
  author={Zipf, George Kingsley},
  year={1949},
  publisher={Addison-Wesley Press}
}

@article{gibson1998linguistic,
  title={Linguistic complexity: locality of syntactic dependencies},
  author={Gibson, Edward},
  journal={Cognition},
  volume={68},
  number={1},
  pages={1--76},
  year={1998},
  publisher={Elsevier}
}

@article{hawkins2004efficiency,
  title={Efficiency and complexity in grammars},
  author={Hawkins, John A},
  year={2004},
  publisher={Oxford University Press}
}

@book{comrie1989language,
  title={Language universals and linguistic typology: Syntax and morphology},
  author={Comrie, Bernard},
  year={1989},
  publisher={University of Chicago press}
}

@book{croft2003typology,
  title={Typology and universals},
  author={Croft, William},
  year={2003},
  publisher={Cambridge University Press}
}

@article{dryer2013order,
  title={Order of subject, object and verb},
  author={Dryer, Matthew S},
  journal={The world atlas of language structures online},
  year={2013},
  publisher={Max Planck Institute for Evolutionary Anthropology}
}

@inproceedings{li2014text,
  title={A text-level discourse dependency parser},
  author={Li, Jiwei and Li, Rumeng and Hovy, Eduard},
  booktitle={Proceedings of the 52nd Annual Meeting of the Association for Computational Linguistics},
  pages={25--35},
  year={2014}
}

@inproceedings{ji2014representation,
  title={Representation learning for text-level discourse parsing},
  author={Ji, Yangfeng and Eisenstein, Jacob},
  booktitle={Proceedings of the 52nd Annual Meeting of the Association for Computational Linguistics},
  pages={13--24},
  year={2014}
}

@article{lin2009recognizing,
  title={Recognizing implicit discourse relations in the Penn Discourse Treebank},
  author={Lin, Ziheng and Kan, Min-Yen and Ng, Hwee Tou},
  booktitle={Proceedings of the 2009 Conference on Empirical Methods in Natural Language Processing},
  pages={343--351},
  year={2009}
}

@inproceedings{zeldes2017gum,
  title={The GUM corpus: creating multilayer resources in the classroom},
  author={Zeldes, Amir},
  journal={Language Resources and Evaluation},
  volume={51},
  number={3},
  pages={581--612},
  year={2017},
  publisher={Springer}
}

@article{prasad2008penn,
  title={The Penn Discourse TreeBank 2.0},
  author={Prasad, Rashmi and Dinesh, Nikhil and Lee, Alan and Miltsakaki, Eleni and Robaldo, Livio and Joshi, Aravind K and Webber, Bonnie L},
  booktitle={Proceedings of the sixth international conference on language resources and evaluation},
  year={2008}
}

@book{crystal2008dictionary,
  title={A dictionary of linguistics and phonetics},
  author={Crystal, David},
  year={2008},
  publisher={John Wiley \& Sons}
}

@article{mikolov2013efficient,
  title={Efficient estimation of word representations in vector space},
  author={Mikolov, Tomas and Chen, Kai and Corrado, Greg and Dean, Jeffrey},
  journal={arXiv preprint arXiv:1301.3781},
  year={2013}
}

@inproceedings{pennington2014glove,
  title={Glove: Global vectors for word representation},
  author={Pennington, Jeffrey and Socher, Richard and Manning, Christopher D},
  booktitle={Proceedings of the 2014 conference on empirical methods in natural language processing},
  pages={1532--1543},
  year={2014}
}

@article{devlin2018bert,
  title={BERT: Pre-training of Deep Bidirectional Transformers for Language Understanding},
  author={Devlin, Jacob and Chang, Ming-Wei and Lee, Kenton and Toutanova, Kristina},
  journal={arXiv preprint arXiv:1810.04805},
  year={2018}
}

@inproceedings{vaswani2017attention,
  title={Attention is all you need},
  author={Vaswani, Ashish and Shazeer, Noam and Parmar, Niki and Uszkoreit, Jakob and Jones, Llion and Gomez, Aidan N and Kaiser, {\L}ukasz and Polosukhin, Illia},
  booktitle={Advances in neural information processing systems},
  pages={5998--6008},
  year={2017}
}

@article{numpy2020,
  title={Array programming with NumPy},
  author={Harris, Charles R and Millman, K Jarrod and van der Walt, St{\'e}fan J and Gommers, Ralf and Virtanen, Pauli and Cournapeau, David and Wieser, Eric and Taylor, Julian and Berg, Sebastian and Smith, Nathaniel J and others},
  journal={Nature},
  volume={585},
  number={7825},
  pages={357--362},
  year={2020},
  publisher={Nature Publishing Group}
}

@article{pandas2020,
  title={Data structures for statistical computing in python},
  author={McKinney, Wes and others},
  booktitle={Proceedings of the 9th Python in Science Conference},
  volume={445},
  pages={51--56},
  year={2010}
}

@article{matplotlib2007,
  title={Matplotlib: A 2D graphics environment},
  author={Hunter, John D},
  journal={Computing in science \& engineering},
  volume={9},
  number={3},
  pages={90--95},
  year={2007},
  publisher={IEEE Computer Society}
}

@inproceedings{seaborn2021,
  title={seaborn: statistical data visualization},
  author={Waskom, Michael L},
  journal={Journal of Open Source Software},
  volume={6},
  number={60},
  pages={3021},
  year={2021}
}

@article{cohen1960coefficient,
  title={A coefficient of agreement for nominal scales},
  author={Cohen, Jacob},
  journal={Educational and psychological measurement},
  volume={20},
  number={1},
  pages={37--46},
  year={1960},
  publisher={Sage Publications Sage CA: Thousand Oaks, CA}
}

@article{pearson1900x,
  title={X. On the criterion that a given system of deviations from the probable in the case of a correlated system of variables is such that it can be reasonably supposed to have arisen from random sampling},
  author={Pearson, Karl},
  journal={The London, Edinburgh, and Dublin Philosophical Magazine and Journal of Science},
  volume={50},
  number={302},
  pages={157--175},
  year={1900},
  publisher={Taylor \& Francis}
}

@article{fisher1922interpretation,
  title={On the interpretation of œá 2 from contingency tables, and the calculation of P},
  author={Fisher, Ronald A},
  journal={Journal of the royal statistical society},
  volume={85},
  number={1},
  pages={87--94},
  year={1922},
  publisher={JSTOR}
}

@book{student1908probable,
  title={The probable error of a mean},
  author={Student},
  journal={Biometrika},
  pages={1--25},
  year={1908},
  publisher={JSTOR}
}

@book{hotelling1933analysis,
  title={Analysis of a complex of statistical variables into principal components},
  author={Hotelling, Harold},
  journal={Journal of educational psychology},
  volume={24},
  number={6},
  pages={417},
  year={1933},
  publisher={Warwick \& York}
}

@book{jolliffe2002principal,
  title={Principal component analysis},
  author={Jolliffe, Ian T},
  year={2002},
  publisher={Springer}
}

@article{calinski1974dendrite,
  title={A dendrite method for cluster analysis},
  author={Cali{\'n}ski, Tadeusz and Harabasz, Jerzy},
  journal={Communications in Statistics-theory and Methods},
  volume={3},
  number={1},
  pages={1--27},
  year={1974},
  publisher={Taylor \& Francis}
}

@article{davies1979cluster,
  title={A cluster separation measure},
  author={Davies, David L and Bouldin, Donald W},
  journal={IEEE transactions on pattern analysis and machine intelligence},
  number={2},
  pages={224--227},
  year={1979},
  publisher={IEEE}
}

@book{hartigan1975clustering,
  title={Clustering algorithms},
  author={Hartigan, John A},
  year={1975},
  publisher={John Wiley \& Sons}
}

@book{everitt2011cluster,
  title={Cluster analysis},
  author={Everitt, Brian S and Landau, Sabine and Leese, Morven and Stahl, Daniel},
  year={2011},
  publisher={John Wiley \& Sons}
}

@book{tan2006introduction,
  title={Introduction to data mining},
  author={Tan, Pang-Ning and Steinbach, Michael and Kumar, Vipin},
  year={2006},
  publisher={Pearson Addison Wesley}
}

@article{efron1979bootstrap,
  title={Bootstrap methods: another look at the jackknife},
  author={Efron, Bradley},
  journal={The annals of Statistics},
  pages={1--26},
  year={1979},
  publisher={JSTOR}
}

@book{cohen1988statistical,
  title={Statistical power analysis for the behavioral sciences},
  author={Cohen, Jacob},
  year={1988},
  publisher={Lawrence Erlbaum Associates}
}

@article{benjamini1995controlling,
  title={Controlling the false discovery rate: a practical and powerful approach to multiple testing},
  author={Benjamini, Yoav and Hochberg, Yosef},
  journal={Journal of the Royal statistical society: series B (Methodological)},
  volume={57},
  number={1},
  pages={289--300},
  year={1995},
  publisher={Wiley Online Library}
}

@book{field2013discovering,
  title={Discovering statistics using IBM SPSS statistics},
  author={Field, Andy},
  year={2013},
  publisher={Sage}
}

@book{hair2010multivariate,
  title={Multivariate data analysis},
  author={Hair Jr, Joseph F and Black, William C and Babin, Barry J and Anderson, Rolph E},
  year={2010},
  publisher={Pearson Prentice Hall}
}
